@article{swan2012health,
  title={Health 2050: The realization of personalized medicine through crowdsourcing, the quantified self, and the participatory biocitizen},
  author={Swan, Melanie},
  journal={Journal of Personalized Medicine},
  volume={2},
  number={3},
  pages={93--118},
  year={2012},
  publisher={Molecular Diversity Preservation International}
}